<record xmlns='http://www.loc.gov/MARC21/slim'><leader>01866ntm a2200301Ii 4500</leader><controlfield tag='001'>991058301965206011</controlfield><controlfield tag='005'>20220506123340.0</controlfield><controlfield tag='008'>220506q14771499be            000 0 eng d</controlfield><datafield ind1=' ' ind2=' ' tag='035'><subfield code='a'>(OCoLC)1314385634h</subfield></datafield><datafield ind1=' ' ind2=' ' tag='035'><subfield code='a'>(OCoLC)on1314385634h</subfield></datafield><datafield ind1=' ' ind2=' ' tag='040'><subfield code='a'>HRH</subfield><subfield code='b'>eng</subfield><subfield code='e'>dcrmmss</subfield><subfield code='c'>HRH</subfield></datafield><datafield ind1=' ' ind2=' ' tag='041'><subfield code='a'>dut</subfield></datafield><datafield ind1=' ' ind2=' ' tag='049'><subfield code='a'>HRHH</subfield></datafield><datafield ind1=' ' ind2='9' tag='099'><subfield code='a'>MS 3327, Container 63</subfield></datafield><datafield ind1='0' ind2='0' tag='245'><subfield code='a'>15th century calendar :</subfield><subfield code='k'>manuscript.</subfield></datafield><datafield ind1=' ' ind2='0' tag='264'><subfield code='a'>Flanders ;</subfield><subfield code='c'>15th century (after 1477?)</subfield></datafield><datafield ind1=' ' ind2=' ' tag='300'><subfield code='a'>13 leaves :</subfield><subfield code='b'>parchment,</subfield><subfield code='c'>13 x 10 cm</subfield></datafield><datafield ind1=' ' ind2=' ' tag='500'><subfield code='a'>Title devised by cataloger.</subfield></datafield><datafield ind1=' ' ind2=' ' tag='500'><subfield code='a'>Gothic script</subfield></datafield><datafield ind1=' ' ind2=' ' tag='506'><subfield code='a'>Unrestricted in reading room; available for classroom use in exhibit case only.</subfield></datafield><datafield ind1=' ' ind2=' ' tag='500'><subfield code='a'>An early modern note on the original flyleaf refers to a Gospel book written approximately 380 years previously and cites vols. 3 and 13 of the Magdeburg Centuries, printed in the 1560s. Possibly this calendar was formerly bound together with a much earlier Gospel book, but the reference may simply be copied and unrelated.</subfield></datafield><datafield ind1=' ' ind2=' ' tag='520'><subfield code='a'>Includes several Flemish, Insular, and female saints: Aldegundis (30 January), Swibert (1 March), Walburch (2 May), Lambert of Maastricht (17 September Liége), Kunibert of Trèves.</subfield></datafield><datafield ind1=' ' ind2=' ' tag='590'><subfield code='a'>MS 3327, Container 63: Walter Emile van Wijk (1887-1961), round bookplate. Binding (20th c): Full pastepaper over paper boards. Straight caps, cut edges, paper title label on spine. No endbands. Unsupported sewing (two gatherings sewn through two wrapper-like bifolia, sewing pattern as if over two tapes). Endleaf components: front leaves of  wrappers make pastedown, free endleaf; back same.</subfield></datafield><datafield ind1=' ' ind2='7' tag='655'><subfield code='a'>Calendars.</subfield><subfield code='2'>rbgenr</subfield></datafield><datafield ind1='1' ind2=' ' tag='790'><subfield code='a'>Wijk, W. E. van (Walter Emile), 1887-,</subfield><subfield code='e'>former owner.</subfield></datafield><datafield ind1='2' ind2=' ' tag='791'><subfield code='a'>Medieval and Early Modern Manuscripts Collection.</subfield></datafield><datafield ind1=' ' ind2=' ' tag='752'><subfield code='a'>France</subfield><subfield code='d'>Flanders (France),</subfield><subfield code='e'>producation place.</subfield></datafield><datafield ind1=' ' ind2=' ' tag='994'><subfield code='a'>C0</subfield><subfield code='b'>HRH</subfield></datafield></record>
